@book{goodfellow2016deep,
  Title =        {Deep Learning},
  Author =       {Ian J. Goodfellow and Yoshua Bengio and Aaron Courville},
  Year =         2016,
}

@InProceedings{dangel2020backpack,
  author =       {Felix Dangel and Frederik Kunstner and Philipp Hennig},
  booktitle =    {International Conference on Learning Representations (ICLR)},
  title =        {{BackPACK: Packing more into Backprop}},
  year =         2020,
}
